<?xml version="1.0" encoding="UTF-8"?><collection xmlns="http://www.loc.gov/MARC21/slim"><record><leader>00611nam--2200217-u-4500</leader><controlfield tag="001">000051272</controlfield><controlfield tag="002">20161230</controlfield><controlfield tag="005">20161230201049</controlfield><controlfield tag="008">080610s1000------------r-----000-0-eng-d</controlfield><datafield ind1=" " ind2=" " tag="020"><subfield code="a">981-02-3878-9</subfield></datafield><datafield ind1=" " ind2=" " tag="040"><subfield code="a">IFIN-HH</subfield></datafield><datafield ind1=" " ind2=" " tag="080"><subfield code="a">515.162</subfield></datafield><datafield ind1="1" ind2=" " tag="100"><subfield code="a">Aneziris, Charilaos N</subfield></datafield><datafield ind1="1" ind2="0" tag="245"><subfield code="a">The Mystery of Knots. Computer Programming for Knot Tabulation</subfield></datafield><datafield ind1=" " ind2=" " tag="260"><subfield code="a">Singapore</subfield><subfield code="b">World Scientific Publishing</subfield><subfield code="c">1999</subfield></datafield><datafield ind1=" " ind2=" " tag="300"><subfield code="a">396 p</subfield></datafield><datafield ind1=" " ind2=" " tag="490"><subfield code="a">Series on Knots and Everything</subfield><subfield code="v">vol. 20</subfield></datafield><datafield ind1=" " ind2="4" tag="650"><subfield code="a">Knots</subfield></datafield><datafield ind1="1" ind2=" " tag="700"><subfield code="a">Charilaos N. Aneziris</subfield></datafield><datafield ind1=" " ind2=" " tag="852"><subfield code="a">81516</subfield><subfield code="c">513.83</subfield></datafield><datafield ind1=" " ind2=" " tag="CAT"><subfield code="a">Sys</subfield><subfield code="c">20080610</subfield><subfield code="h">092706</subfield></datafield></record></collection>